<record xmlns="http://www.loc.gov/MARC21/slim" xmlns:xsi="http://www.w3.org/2001/XMLSchema-instance" xsi:schemaLocation="http://www.loc.gov/MARC21/slim http://www.loc.gov/standards/marcxml/schema/MARC21slim.xsd"><leader>01721nam a2200349   4500</leader><controlfield tag="001">001680092</controlfield><controlfield tag="003">NNU</controlfield><controlfield tag="006">m        d        </controlfield><controlfield tag="007">cr cn |||m|||a</controlfield><controlfield tag="008">150223s1930    ua      o     000 0 ara d</controlfield><datafield ind1=" " ind2=" " tag="040"><subfield code="a">NNU</subfield><subfield code="b">eng</subfield><subfield code="c">NNU</subfield></datafield><datafield ind1=" " ind2="4" tag="050"><subfield code="a">PJ7755.B3</subfield><subfield code="b">B3 1930</subfield></datafield><datafield ind1="1" ind2=" " tag="100"><subfield code="6">880-01</subfield><subfield code="a">&#699;Abd al-Ra&#772;ziq, Mus&#803;t&#803;afa&#769;,</subfield><subfield code="d">1886-1947.</subfield></datafield><datafield ind1="1" ind2="3" tag="245"><subfield code="6">880-02</subfield><subfield code="a">al-Baha&#772;&#700; Zuhayr</subfield><subfield code="h">[electronic resource] /</subfield><subfield code="c">bah&#803;th bi-qalam Mus&#803;t&#803;afa&#769; &#699;Abd al-Ra&#772;ziq.</subfield></datafield><datafield ind1=" " ind2=" " tag="250"><subfield code="6">880-03</subfield><subfield code="a">al-T&#803;ab&#699;ah 1.</subfield></datafield><datafield ind1=" " ind2=" " tag="260"><subfield code="6">880-04</subfield><subfield code="a">al-Qa&#772;hirah :</subfield><subfield code="b">Mat&#803;ba&#699;at Da&#772;r al-Kutub al-Mis&#803;ri&#772;yah,</subfield><subfield code="c">1930.</subfield></datafield><datafield ind1=" " ind2=" " tag="300"><subfield code="a">online resource (94 p.)</subfield></datafield><datafield ind1=" " ind2=" " tag="500"><subfield code="a">Part of the Arabic Collections Online (ACO) project, contributed by New York Univeristy Libraries.</subfield></datafield><datafield ind1=" " ind2=" " tag="533"><subfield code="a">Electronic reproduction.</subfield><subfield code="b">New York, N.Y. :</subfield><subfield code="c">New York University,</subfield><subfield code="d">2015.</subfield><subfield code="5">NNU</subfield></datafield><datafield ind1="0" ind2="0" tag="600"><subfield code="a">Bah&#257;&#700; al-D&#299;n Zuhayr ibn Mu&#7717;ammad,</subfield><subfield code="d">1185-1258.</subfield></datafield><datafield ind1="0" ind2="2" tag="700"><subfield code="6">880-05</subfield><subfield code="a">Baha&#772;&#700; al-Di&#772;n Zuhayr ibn Muh&#803;ammad,</subfield><subfield code="d">1185-1258.</subfield><subfield code="t">Poems.</subfield></datafield><datafield ind1="2" ind2=" " tag="710"><subfield code="a">New York University.</subfield><subfield code="b">Libraries.</subfield></datafield><datafield ind1="0" ind2=" " tag="730"><subfield code="a">Arabic Collections Online.</subfield></datafield><datafield ind1="0" ind2="8" tag="776"><subfield code="i">Print version:</subfield><subfield code="a">&#699;Abd al-Ra&#772;ziq, Mus&#803;t&#803;afa&#769;, 1886-1947.</subfield><subfield code="t">al-Baha&#772;&#700; Zuhayr</subfield><subfield code="w">(NNU)001680092</subfield></datafield><datafield ind1="4" ind2="0" tag="856"><subfield code="u">http://hdl.handle.net/2333.1/fttdz22z</subfield></datafield><datafield ind1="1" ind2=" " tag="880"><subfield code="6">100-01/</subfield><subfield code="a">&#1593;&#1576;&#1583; &#1575;&#1604;&#1585;&#1575;&#1586;&#1602;&#1548; &#1605;&#1589;&#1591;&#1601;&#1609;&#1548;</subfield><subfield code="d">1886-1947.</subfield></datafield><datafield ind1="1" ind2="2" tag="880"><subfield code="6">245-02/</subfield><subfield code="a">&#1575;&#1604;&#1576;&#1607;&#1575;&#1569; &#1586;&#1607;&#1610;&#1585; /</subfield><subfield code="c">&#1576;&#1581;&#1579; &#1576;&#1602;&#1604;&#1605; &#1605;&#1589;&#1591;&#1601;&#1609; &#1593;&#1576;&#1583; &#1575;&#1604;&#1585;&#1575;&#1586;&#1602;.</subfield></datafield><datafield ind1=" " ind2=" " tag="880"><subfield code="6">250-03/</subfield><subfield code="a">&#1575;&#1604;&#1591;&#1576;&#1593;&#1577; 1.</subfield></datafield><datafield ind1=" " ind2=" " tag="880"><subfield code="6">260-04/</subfield><subfield code="a">&#1575;&#1604;&#1602;&#1575;&#1607;&#1585;&#1577; :</subfield><subfield code="b">&#1605;&#1591;&#1576;&#1593;&#1577; &#1583;&#1575;&#1585; &#1575;&#1604;&#1603;&#1578;&#1576; &#1575;&#1604;&#1605;&#1589;&#1585;&#1610;&#1577;&#1548;</subfield><subfield code="c">1930.</subfield></datafield><datafield ind1="0" ind2="2" tag="880"><subfield code="6">700-05/</subfield><subfield code="a">&#1576;&#1607;&#1575;&#1569; &#1575;&#1604;&#1583;&#1610;&#1606; &#1586;&#1607;&#1610;&#1585; &#1576;&#1606; &#1605;&#1581;&#1605;&#1583;&#1548;</subfield><subfield code="d">1185-1258.</subfield><subfield code="t">&#1571;&#1588;&#1593;&#1575;&#1585;.</subfield></datafield><datafield ind1=" " ind2=" " tag="959"><subfield code="a">NNU</subfield><subfield code="b">WEB</subfield><subfield code="c">GENI</subfield><subfield code="t">0</subfield><subfield code="m">Electronic access</subfield><subfield code="s">01</subfield></datafield><datafield ind1=" " ind2=" " tag="999"><subfield code="i">NNU_001680092</subfield><subfield code="s">nyu_aco000366</subfield></datafield></record>